<record><leader>00000cas a22000007a 4500</leader><controlfield tag="001">12815371</controlfield><controlfield tag="008">851118d19011901mtudn ne      0   a0eng d</controlfield><datafield ind1=" " ind2=" " tag="010"><subfield code="a">sn 85053328 </subfield></datafield><datafield ind1=" " ind2=" " tag="040"><subfield code="a">MTL</subfield><subfield code="b">eng</subfield><subfield code="c">MTL</subfield><subfield code="d">OCLCQ</subfield><subfield code="d">DLC</subfield><subfield code="d">OCLCF</subfield></datafield><datafield ind1="0" ind2=" " tag="022"><subfield code="a">2471-1950</subfield><subfield code="2">1</subfield></datafield><datafield ind1=" " ind2=" " tag="042"><subfield code="a">msc</subfield><subfield code="a">nsdp</subfield></datafield><datafield ind1=" " ind2=" " tag="043"><subfield code="a">n-us-mt</subfield></datafield><datafield ind1="0" ind2="0" tag="050"><subfield code="a">Newspaper</subfield></datafield><datafield ind1="1" ind2="0" tag="082"><subfield code="a">071</subfield><subfield code="2">23</subfield></datafield><datafield ind1="0" ind2=" " tag="130"><subfield code="a">Kalispell bee (Kalispell, Mont. : Daily)</subfield></datafield><datafield ind1=" " ind2="4" tag="222"><subfield code="a">The Kalispell bee</subfield><subfield code="b">(Kalispell, Mont. Daily. Print)</subfield></datafield><datafield ind1="1" ind2="4" tag="245"><subfield code="a">The Kalispell bee.</subfield></datafield><datafield ind1=" " ind2=" " tag="260"><subfield code="a">Kalispell, Mont. :</subfield><subfield code="b">Bee Pub. Co.,</subfield><subfield code="c">1901.</subfield></datafield><datafield ind1=" " ind2=" " tag="300"><subfield code="a">2 v. :</subfield><subfield code="b">ill. ;</subfield><subfield code="c">54 cm.</subfield></datafield><datafield ind1=" " ind2=" " tag="310"><subfield code="a">Daily (except Sun.)</subfield></datafield><datafield ind1="0" ind2=" " tag="362"><subfield code="a">Vol. 1, no. 103 (Mar. 1, 1901)-v. 2, no. 64 (Aug. 31, 1901).</subfield></datafield><datafield ind1=" " ind2=" " tag="530"><subfield code="a">Archived issues are available in digital format from the Library of Congress Chronicling America online collection.</subfield></datafield><datafield ind1=" " ind2="0" tag="651"><subfield code="a">Kalispell (Mont.)</subfield><subfield code="v">Newspapers.</subfield></datafield><datafield ind1=" " ind2="7" tag="655"><subfield code="a">Newspapers.</subfield><subfield code="2">fast</subfield><subfield code="0">(OCoLC)fst01423814</subfield></datafield><datafield ind1=" " ind2="7" tag="651"><subfield code="a">Montana</subfield><subfield code="z">Kalispell.</subfield><subfield code="2">fast</subfield><subfield code="0">(OCoLC)fst01210325</subfield></datafield><datafield ind1=" " ind2=" " tag="752"><subfield code="a">United States</subfield><subfield code="b">Montana</subfield><subfield code="c">Flathead</subfield><subfield code="d">Kalispell.</subfield></datafield><datafield ind1="0" ind2=" " tag="775"><subfield code="t">Kalispell bee (Kalispell, Mont. : Semiweekly)</subfield><subfield code="w">(DLC)sn 85053327</subfield></datafield><datafield ind1="0" ind2="8" tag="776"><subfield code="i">Online version:</subfield><subfield code="t">Kalispell bee (Kalispell, Mont. : Daily)</subfield><subfield code="x">2471-1969</subfield><subfield code="w">(DLC)  2016271011</subfield><subfield code="w">(OCoLC)942569852</subfield></datafield><datafield ind1="4" ind2="1" tag="856"><subfield code="u">http://www.loc.gov/chroniclingamerica/lccn/sn85053328/issues</subfield></datafield></record>